<record><leader>00000cas a22000007a 4500</leader><controlfield tag="001">12818337</controlfield><controlfield tag="008">851119d19211928wvuwr ne      0    0eng d</controlfield><datafield ind1=" " ind2=" " tag="010"><subfield code="a">sn 85059674 </subfield></datafield><datafield ind1=" " ind2=" " tag="040"><subfield code="a">WVC</subfield><subfield code="b">eng</subfield><subfield code="c">WVC</subfield><subfield code="d">OCL</subfield><subfield code="d">OCLCQ</subfield></datafield><datafield ind1=" " ind2=" " tag="042"><subfield code="a">msc</subfield></datafield><datafield ind1="0" ind2="0" tag="245"><subfield code="a">Weirton leader-news.</subfield></datafield><datafield ind1=" " ind2=" " tag="260"><subfield code="a">Weirton, W. Va. :</subfield><subfield code="b">Weirton Publ. Co.</subfield></datafield><datafield ind1=" " ind2=" " tag="300"><subfield code="a">v.</subfield></datafield><datafield ind1=" " ind2=" " tag="310"><subfield code="a">Weekly</subfield></datafield><datafield ind1="1" ind2=" " tag="362"><subfield code="a">Began in 1921; ceased in 1928.</subfield><subfield code="z">Cf. F.A. Pietranton. Hist. of Weirton and Holliday's Cove.</subfield></datafield><datafield ind1=" " ind2=" " tag="500"><subfield code="a">Published every Friday.</subfield></datafield><datafield ind1=" " ind2=" " tag="500"><subfield code="a">Publishers: James J. Weir, 1918-1920; J.J. Jones and Geza Kokochak, 1920-1928.</subfield></datafield><datafield ind1=" " ind2=" " tag="500"><subfield code="a">Editor: Paul S. Staats.</subfield></datafield><datafield ind1=" " ind2=" " tag="588"><subfield code="a">Description based on: Vol. 8, no. 34 (Sept. 17, 1926).</subfield></datafield><datafield ind1=" " ind2=" " tag="752"><subfield code="a">United States</subfield><subfield code="b">West Virginia</subfield><subfield code="c">Hancock</subfield><subfield code="d">Weirton.</subfield></datafield><datafield ind1="0" ind2="4" tag="780"><subfield code="t">Weirton leader</subfield></datafield><datafield ind1="0" ind2="4" tag="780"><subfield code="t">Weirton news</subfield></datafield><datafield ind1="0" ind2="0" tag="785"><subfield code="t">Weirton daily times</subfield><subfield code="w">(DLC)sn 85059675</subfield></datafield></record>